
@book{biggs1982evaluation,
  title={Evaluation the quality of learning: the SOLO taxonomy (structure of the observed learning outcome)},
  author={Biggs, John B and Collis, Kevin F},
  year={1982},
  publisher={Academic Press}
}

@article{bloom1956taxonomy,
  title={Taxonomy of educational objectives. Vol. 1: Cognitive domain},
  author={Bloom, Benjamin S and others},
  journal={New York: McKay},
  pages={20--24},
  year={1956}
}

